%% This BibTeX bibliography file was created using BibDesk.
%% http://www.cs.ucsd.edu/~mmccrack/bibdesk.html
%% Created for Jon Breitenbucher at 2005-09-15 16:48:40 -0400 
%% Saved with string encoding UTF-8 

@book{Burkholder_Grout_Palisca_2014, title={A History of Western Music}, ISBN={978-0-393-91829-8}, publisher={W.W. Norton \& Company}, author={Burkholder, J Peter and Grout, Donald Jay and Palisca, Claude V}, year={2014} }

@article{Sachs_Dahlhaus_2001, title={Counterpoint}, ISBN={9781561592630}, url={https://www.oxfordmusiconline.com/grovemusic/view/10.1093/gmo/9781561592630.001.0001/omo-9781561592630-e-0000006690}, DOI={10.1093/gmo/9781561592630.article.06690}, journal={Grove Music Online}, author={Sachs, Klaus-Jürgen and Dahlhaus, Carl}, year={2001} }


@article{Grove_1895, title={Temperament}, volume={4}, url={https://search.ebscohost.com/login.aspx?direct=true&db=ril&AN=dmm40080&site=ehost-live}, number={4}, journal={A Dictionary of Music and Musicians (A.D. 1450–1889)}, publisher={Theodore Presser}, author={Grove, Sir George}, year={1895}, month={01}, pages={70–81} }

@article{Lindley_2001, title={Well-tempered clavier}, url={https://www.oxfordmusiconline.com/grovemusic/view/10.1093/gmo/9781561592630.001.0001/omo-9781561592630-e-0000030099}, DOI={10.1093/gmo/9781561592630.article.30099}, journal={Grove Music Online}, publisher={Oxford University Press}, author={Lindley, Mark}, year={2001} }

@misc{Marshall_Emery_2019, title={Johann Sebastian Bach}, url={https://www.britannica.com/biography/Johann-Sebastian-Bach}, journal={Encyclopædia Britannica}, author={Marshall, Robert L and Emery, Walter}, year={2019} }

@book{Mozart_1784, title={Piano Sonata No. 10 in C Major}, url={https://ks4.imslp.net/files/imglnks/usimg/9/9b/IMSLP00219-Mozart_-_Piano_Sonata,_K_330.pdf}, author={Mozart, Wolfgang Amadeus}, year={1784} }

@misc{Schwarm_2019, title={The Well-Tempered Clavier, BWV 846-893}, url={https://www.britannica.com/topic/The-Well-Tempered-Clavier-BWV-846-893}, journal={Encyclopedia Britannica}, publisher={Encyclopedia Britannica Inc.}, author={Schwarm, Betsy}, year={2019} }

@article{Wolff_Emery_2001, title={Bach, Johann Sebastian}, ISSN={9781561592630}, url={https://www.oxfordmusiconline.com/grovemusic/view/10.1093/gmo/9781561592630.001.0001/omo9781561592630e6002278195}, DOI={10.1093/gmo/9781561592630.article.6002278195}, journal={Grove Music Online}, publisher={Oxford University Press}, author={Wolff, Christoph and Emery, Walter}, year={2001} }

@book{Bach_1722, title={Prelude and Fugue No. 2 in C Minor}, url={https://ks4.imslp.info/files/imglnks/usimg/a/aa/IMSLP569612-PMLP533931-bach_bwv_847.pdf}, author={Bach, Johann Sebastian}, year={1722} }

@article{Walker_Fugue, title={Fugue}, url={https://www.oxfordmusiconline.com/grovemusic/view/10.1093/gmo/9781561592630.001.0001/omo-9781561592630-e-0000051678?rskey=FvEnlf}, journal={Grove Music Online}, author={Walker, Paul} }


@article{Whitcomb_2017, title={Intonation on a string instrument: Three systems of tuning and temperament}, volume={67}, ISSN={0003-1313}, url={https://search.ebscohost.com/login.aspx?direct=true&db=ram&AN=A1948423&site=ehost-live}, abstractNote={String players need to be able to switch among just intonation, equal temperament, and inflected melodic intonation as the situation requires. The article suggests ways to help students understand the need for all three and how to know what system to use at a given time. Open strings should be tuned with equal temperament so that they sound as good as possible in every key. Exercises to improve one’s use of the three systems are described.}, number={2}, journal={American string teacher}, author={Whitcomb, Benjamin}, year={2017}, month={05}, pages={20–23} }

@article{Monson_Westrup_Budden_2001, title={Recitative}, ISBN={9781561592630}, url={https://www.oxfordmusiconline.com/grovemusic/view/10.1093/gmo/9781561592630.001.0001/omo-9781561592630-e-0000023019}, DOI={https://doi.org/10.1093/gmo/9781561592630.article.23019}, journal={Grove Music Online}, author={Monson, Dale E. and Westrup, Jack and Budden, Julian}, year={2001}, month={01} }

@article{Drabkin_2001, title={Motif}, url={https://www.oxfordmusiconline.com/grovemusic/view/10.1093/gmo/9781561592630.001.0001/omo-9781561592630-e-0000019221}, DOI={https://doi.org/10.1093/gmo/9781561592630.article.19221}, journal={Grove Music Online}, author={Drabkin, William}, year={2001}, month={1} }

@article{Walker_2001_Exposition, title={Exposition}, url={https://www.oxfordmusiconline.com/grovemusic/view/10.1093/gmo/9781561592630.001.0001/omo-9781561592630-e-0000009137?rskey=05bBtK&result=1}, DOI={https://doi.org/10.1093/gmo/9781561592630.article.09137}, journal={Grove Music Online}, author={Walker, Paul}, year={2001}, month={1}, day={20} }

@article{Bullivant_2001, title={Coda}, ISBN={9781561592630}, url={https://www.oxfordmusiconline.com/grovemusic/view/10.1093/gmo/9781561592630.001.0001/omo-9781561592630-e-0000006033}, DOI={https://doi.org/10.1093/gmo/9781561592630.article.06033}, abstractNote={“Coda” published on  by Oxford University Press.}, journal={Grove Music Online}, author={Bullivant, Roger}, year={2001}, month={01} }